@InProceedings{iccad17:contest,
  author =   {C. Huang and C. Hsu and C. Wu and K. Khoo},
  title =    {{ICCAD-2017 CAD contest in resource-aware patch generation}},
  OPTcrossref =  {},
  OPTkey =   {},
  booktitle = {IEEE/ACM International Conference on Computer-Aided Design (ICCAD)},
  year =   {2017},
  OPTeditor =    {},
  OPTvolume =    {},
  OPTnumber =    {},
  OPTseries =    {},
  pages =   {857-862},
  month =    {Nov},
  OPTaddress =   {},
  OPTorganization = {},
  OPTpublisher = {},
  OPTnote =    {},
  OPTannote =    {}
}


@InProceedings{Utkarsh:vlsisoc18,
  author =   {Gupta, U. and Ilioaea, I. and Rao, V. and Srinath, A. and Kalla, P. and Enescu, F.},
  title =    {{On the Rectifiability of Arithmetic Circuits using Craig Interpolants in Finite Fields}},
  OPTcrossref =  {},
  OPTkey =   {},
  booktitle = {IFIP/IEEE International Conference on Very Large Scale Integration},
  year =   {2018},
  OPTeditor =    {},
  OPTvolume =    {},
  OPTnumber =    {},
  OPTseries =    {},
  OPTpages =   {},
  month =    {Oct},
  OPTaddress =   {},
  OPTorganization = {},
  OPTpublisher = {},
  OPTnote =    {},
  OPTannote =    {}
}

@InProceedings{Utkarsh:IWLS18,
  author =   {Gupta, U. and Ilioaea, I. and Kalla, P. and Enescu, F. and Rao, V. and Srinath, A.},
  title =    {{C}raig {I}nterpolants in {F}inite {F}ields using {A}lgebraic {G}eometry: {T}heory and {A}pplications},
  OPTcrossref =  {},
  OPTkey =   {},
  booktitle = {Intl. Workshop on Logic and Synthesis (IWLS)},
  year =   {2018},
  OPTeditor =    {},
  OPTvolume =    {},
  OPTnumber =    {},
  OPTseries =    {},
  OPTpages =   {},
  month =    {June},
  OPTaddress =   {},
  OPTorganization = {},
  OPTpublisher = {},
  OPTnote =    {},
  OPTannote =    {}
}

@InProceedings{Rybalchenko:VMCAI-2007,
  author = 	 {Rybalchenko, A. and Sofronie-Stokkermans, V.},
  title = 	 {{C}onstraint {S}olving for {I}nterpolation},
  OPTcrossref =  {},
  OPTkey = 	 {},
  booktitle = {Proc. Verification, Model Checking and Abstract Interpretation (VMCAI)},
  year = 	 {2007},
  OPTeditor = 	 {},
  OPTvolume = 	 {},
  OPTnumber = 	 {4349},
  OPTseries = 	 {LNCS},
  pages = 	 {346-362},
  OPTmonth = 	 {},
  OPTaddress = 	 {},
  OPTorganization = {},
  OPTpublisher = {},
  OPTnote = 	 {},
  OPTannote = 	 {}
}



@InProceedings{minato:unatecube,
  author =   {Minato, Shin-ichi},
  title =    {{Calculation of Unate Cube Set Algebra Using Zero-suppressed BDDs}},
  OPTcrossref =  {},
  OPTkey =   {},
  booktitle = {Proceedings of the 31st Annual Design Automation Conference},
  year =    {1994},
  OPTeditor =    {},
  OPTvolume =    {},
  OPTnumber =    {},
  OPTseries =    {DAC '94},
  pages =   {420-424},
  OPTmonth =   {},
  OPTaddress =   {},
  OPTorganization = {},
  OPTpublisher = {},
  OPTnote =    {},
  OPTannote =    {}
}

@InProceedings{minato:zbdd,
  author =   {Minato, Shin-ichi},
  title =    {{Zero-suppressed BDDs for Set Manipulation in Combinatorial Problems}},
  OPTcrossref =  {},
  OPTkey =   {},
  booktitle = {Proceedings of the 30th International Design Automation Conference},
  year =    {1993},
  OPTeditor =    {},
  OPTvolume =    {},
  OPTnumber =    {},
  OPTseries =    {DAC '93},
  pages =   {272-277},
  OPTmonth =   {},
  OPTaddress =   {},
  OPTorganization = {},
  OPTpublisher = {},
  OPTnote =    {},
  OPTannote =    {}
}


@InProceedings{lv,
  author =   {J. Lv and P. Kalla and F. Enescu},
  title =    {{Efficient Gr\"obner Basis Reductions for Formal Verification of Galois Field Multipliers}},
  OPTcrossref =  {},
  OPTkey =   {},
  booktitle = {Design, Automation Test in Europe Conference Exhibition (DATE)},
  year =    {2012},
  OPTeditor =    {},
  OPTvolume =    {},
  OPTnumber =    {},
  OPTseries =    {},
  pages =   {899-904},
  OPTmonth =   {},
  OPTaddress =   {},
  OPTorganization = {},
  OPTpublisher = {},
  OPTnote =    {},
  OPTannote =    {}
}


@InProceedings{tim,
  author =   {T. Pruss and P. Kalla and F. Enescu},
  title =    {{Equivalence Verification of Large Galois Field Arithmetic Circuits Using Word-level Abstraction via {G}r\"obner Bases}},
  OPTcrossref =  {},
  OPTkey =   {},
  booktitle = {51st ACM/EDAC/IEEE Design Automation Conference (DAC)},
  year =    {2014},
  OPTeditor =    {},
  OPTvolume =    {},
  OPTnumber =    {},
  OPTseries =    {},
  pages =   {1-6},
  OPTmonth =   {},
  OPTaddress =   {},
  OPTorganization = {},
  OPTpublisher = {},
  OPTnote =    {},
  OPTannote =    {}
}



@InProceedings{PolyCleaner,
  author = 	 {Mazhoon, A. and Grosse, D. and Drechsler, R.},
  title = 	 {{P}oly{C}leaner: {C}lean your {P}olynomials before
                  {B}ackward {R}ewriting to {V}erify {M}illion-{G}ate
                  {M}ultipliers}, 
  OPTcrossref =  {},
  OPTkey = 	 {},
  booktitle = {In Proc. ICCAD},
  year = 	 {2018},
  OPTeditor = 	 {},
  OPTvolume = 	 {},
  OPTnumber = 	 {},
  OPTseries = 	 {},
  OPTpages = 	 {},
  OPTmonth = 	 {},
  OPTaddress = 	 {},
  OPTorganization = {},
  OPTpublisher = {},
  OPTnote = 	 {},
  OPTannote = 	 {}
}

@InProceedings{rolf:2016,
  author =   {A. Sayed-Ahmed and D. Gro{\ss}e and U. K\"uhne and M. Soeken and R. Drechsler},
  title =    {{Formal Verification of Integer Multipliers by Combining Gr\"obner Basis with Logic Reduction}},
  OPTcrossref =  {},
  OPTkey =   {},
  booktitle = {Design, Automation Test in Europe Conference Exhibition (DATE)},
  year =    {2016},
  OPTeditor =    {},
  OPTvolume =    {},
  OPTnumber =    {},
  OPTseries =    {},
  pages =   {1048-1053},
  OPTmonth =   {},
  OPTaddress =   {},
  OPTorganization = {},
  OPTpublisher = {},
  OPTnote =    {},
  OPTannote =    {}
}


@InProceedings{maciej:2015,
  author =   {M. Ciesielski and C. Yu and W. Brown and D. Liu and A. Rossi},
  title =    {{Verification of Gate-level Arithmetic Circuits by Function Extraction}},
  OPTcrossref =  {},
  OPTkey =   {},
  booktitle = {52nd ACM/EDAC/IEEE Design Automation Conference (DAC)},
  year =    {2015},
  OPTeditor =    {},
  OPTvolume =    {},
  OPTnumber =    {},
  OPTseries =    {},
  pages =   {1-6},
  OPTmonth =   {},
  OPTaddress =   {},
  OPTorganization = {},
  OPTpublisher = {},
  OPTnote =    {},
  OPTannote =    {}
}


@InProceedings{cunxi:aspdac17,
  author =   {C. Yu and M. Ciesielski},
  title =    {{Efficient Parallel Verification of Galois Field Multipliers}},
  OPTcrossref =  {},
  OPTkey =   {},
  booktitle = {22nd Asia and South Pacific Design Automation Conference (ASP-DAC)},
  year =    {2017},
  OPTeditor =    {},
  OPTvolume =    {},
  OPTnumber =    {},
  OPTseries =    {},
  pages =   {238-243},
  OPTmonth =   {},
  OPTaddress =   {},
  OPTorganization = {},
  OPTpublisher = {},
  OPTnote =    {},
  OPTannote =    {}
}


@InProceedings{rolf:fmcad17,
  author =   {{Amr Sayed Ahmed and Daniel Gro{\ss}e and Mathias Soeken and Rolf Drechsler}},
  title =    {{Equivalence Checking Using Gr\"obner Bases}},
  OPTcrossref =  {},
  OPTkey =   {},
  booktitle = {Formal Methods in Computer-Aided Design (FMCAD)},
  year =    {2016},
  OPTeditor =    {},
  OPTvolume =    {},
  OPTnumber =    {},
  OPTseries =    {},
  pages =   {169-176},
  OPTmonth =   {},
  OPTaddress =   {},
  OPTorganization = {},
  OPTpublisher = {},
  OPTnote =    {},
  OPTannote =    {}
}


@Article{McMillan:TACAS04,
  author =   {K.L. McMillan},
  title =    {{An Interpolating Theorem Prover}},
  journal =    {Theoretical Computer Science},
  year =   {2005},
  OPTkey =   {},
  volume =    {345},
  number =    {1},
  pages =   {101 - 121},
  OPTmonth =   {},
  note =    {{Tools and Algorithms for the Construction and Analysis of Systems (TACAS 2004)}},
  OPTannote =    {}
}


@InProceedings{Kapur:SIGSOFT06,
  author =   {Kapur, D. and Majumdar, R. and Zarba, G.},
  title =    {{Interpolation for Data-structures}},
  OPTcrossref =  {},
  OPTkey =   {},
  booktitle = {Proc. ACM SIGSOFT Intl. Symp. on Found. of Soft. Eng.},
  year =   {2006},
  OPTeditor =    {},
  OPTvolume =    {},
  OPTnumber =    {},
  OPTseries =    {},
  pages =    {105-116},
  OPTmonth =   {},
  OPTaddress =   {},
  OPTorganization = {},
  OPTpublisher = {},
  OPTnote =    {},
  OPTannote =    {}
}


@InProceedings{Griggio:FMCAD11,
  author =   {Griggio, A.},
  title =    {Effective {W}ord-level {I}nterpolation for {S}oftware {V}erificaion},
  OPTcrossref =  {},
  OPTkey =   {},
  booktitle = {Formal Methods in Computer-Aided Design (FMCAD)},
  year =   {2011},
  OPTeditor =    {},
  OPTvolume =    {},
  OPTnumber =    {},
  OPTseries =    {},
  pages =    {28-36},
  OPTmonth =   {},
  OPTaddress =   {},
  OPTorganization = {},
  OPTpublisher = {},
  OPTnote =    {},
  OPTannote =    {}
}


@InProceedings{Cimatti:TACAS08,
  author =   {Cimatti, A. and Griggio, A. and Sebastiani, R.},
  title =    {{E}fficient {I}nterpolant {G}eneration in {S}atisfiability {M}odulo {T}heories},
  OPTcrossref =  {},
  OPTkey =   {},
  booktitle = {Tools and Algorithms for the Construction and Analysis of Systems (TACAS)},
  year =   {2008},
  OPTeditor =    {},
  OPTvolume =   {4963},
  OPTnumber =    {},
  OPTseries =   {LNCS},
  pages =    {397-412},
  OPTmonth =   {},
  OPTaddress =   {},
  OPTorganization = {},
  OPTpublisher = {},
  OPTnote =    {},
  OPTannote =    {}
}

@InProceedings{dsilva:vmcai2010,
  author =   {D'Silva, V. and Kroening, D. and Purandare, M. and Weissenbacher, G.},
  title =    {{Interpolant Strength}},
  OPTcrossref =  {},
  OPTkey =   {},
  booktitle = {Verification, Model Checking and Abstract Interpretation},
  year =   {2010},
  OPTeditor =    {},
  OPTvolume =   {5944},
  OPTnumber =    {},
  OPTseries =   {LNCS},
  pages =    {129-145},
  OPTmonth =   {},
  OPTaddress =   {},
  OPTorganization = {},
  OPTpublisher = {},
  OPTnote =    {},
  OPTannote =    {}
}

@InProceedings{rummer:fmcad2013,
  author =   {R\"ummer, P. and Suboti\'c, P.},
  title =    {{Exploring Interpolants}},
  OPTcrossref =  {},
  OPTkey =   {},
  booktitle = {Formal Methods in Computer-Aided Design (FMCAD)},
  year =   {2013},
  OPTeditor =    {},
  OPTvolume =    {},
  OPTnumber =    {},
  OPTseries =    {},
  pages =    {69-76},
  OPTmonth =   {},
  OPTaddress =   {},
  OPTorganization = {},
  OPTpublisher = {},
  OPTnote =    {},
  OPTannote =    {}
}

@InProceedings{Weissenbacher2012,
  author =   {Weissenbacher, Georg},
  title =    {{Interpolant Strength Revisited}},
  OPTcrossref =  {},
  OPTkey =   {},
  booktitle = {Proc. Intl. Conf. Theory and Applications of Satisfiability Testing},
  year =    {2012},
  OPTeditor =    {},
  OPTvolume =    {},
  OPTnumber =    {},
  OPTseries =    {},
  pages =   {312-326},
  OPTmonth =   {},
  OPTaddress =   {},
  OPTorganization = {},
  OPTpublisher = {},
  OPTnote =    {},
  OPTannote =    {}
}


@InProceedings{Kovacs2009,
  author =   {Kov{\'a}cs, Laura and Voronkov, Andrei},
  title =    {{Interpolation and Symbol Elimination}},
  OPTcrossref =  {},
  OPTkey =   {},
  booktitle = {Proc. Intl. Conf. on Automated Deduction (CADE)},
  year =    {2009},
  OPTeditor =    {},
  OPTvolume =    {},
  OPTnumber =    {},
  OPTseries =    {},
  pages =   {199-213},
  OPTmonth =   {},
  OPTaddress =   {},
  OPTorganization = {},
  OPTpublisher = {},
  OPTnote =    {},
  OPTannote =    {}
}


@InProceedings{PudlakPCFA1998,
  author =   {Pudl{\'a}k,P. and Sgall, J.},
  title =    {{Algebraic Models of Computation and Interpolation for Algebraic Proof Systems}},
  OPTcrossref =  {},
  OPTkey =   {},
  booktitle = {Proof Complexity and Feasible Arithmetics, American Mathematical Society},
  year =    {1998},
  OPTeditor =    {},
  OPTvolume =    {},
  OPTnumber =    {},
  OPTseries =    {},
  pages =   {279-296},
  OPTmonth =   {},
  OPTaddress =   {},
  OPTorganization = {},
  OPTpublisher = {},
  OPTnote =    {},
  OPTannote =    {}
}


@Article{polybori,
  author = 	 {Michael Brickenstein and Alexander Dreyer},
  title = 	 {{PolyBoRi: A Framework for Gr\"obner-basis Computations with Boolean Polynomials}},
  journal = 	 {Journal of Symbolic Computation},
  year = 	 {2009},
  OPTkey = 	 {},
  volume = 	 {44},
  number = 	 {9},
  pages = 	 {1326-1345},
  OPTmonth = 	 {},
  OPTnote = 	 {{Effective Methods in Algebraic Geometry}},
  OPTannote = 	 {}
}

@Article{farahmandi:2015,
  author =   {Farahmandi, Farimah and Alizadeh, Bijan},
  title =    {{Groebner Basis Based Formal Verification of Large Arithmetic Circuits Using Gaussian Elimination and Cone-based Polynomial Extraction}},
  journal =    {Microprocessors and Microsystems},
  year =   {2015},
  OPTkey =   {},
  volume =    {39},
  number =    {2},
  pages =   {83-96},
  OPTmonth =   {},
  OPTnote =    {},
  OPTannote =    {}
}

@Article{Buchberger:1976,
  author =   {Buchberger, B.},
  title =    {{A Theoretical Basis for the Reduction of Polynomials to Canonical Forms}},
  journal =    {SIGSAM Bull.},
  year =   {},
  OPTkey =   {},
  volume =    {10},
  number =    {3},
  pages =   {19-29},
  OPTmonth =   {Aug.},
  OPTnote =    {},
  OPTannote =    {}
}


@Misc{cudd,
  OPTkey = 	 {},
  author = 	 {F. Somenzi},
  title = 	 {{CUDD}: {CU} {D}ecision {D}iagram {P}ackage {R}elease 3.0.0},
  howpublished = {\url{http://vlsi.colorado.edu/\~fabio}},
  OPTmonth = 	 {},
  year = 	 {2015},
  note = 	 {{University of Colorado at Boulder}},
  OPTannote = 	 {}
}

@Misc{DGPS_410,
  OPTkey =   {},
  author =    {Decker, Wolfram and Greuel, Gert-Martin and Pfister, Gerhard and Sch\"onemann, Hans},
  title =   {{\sc Singular} {4-1-0} --- {A} computer algebra system for polynomial computations},
  howpublished = {\url{http://www.singular.uni-kl.de}},
  OPTmonth =   {},
  year =    {2016},
  OPTnote =    {},
  OPTannote =    {}
}


@InProceedings{utkarsh:iwls17,
  author =   {Utkarsh Gupta and Priyank Kalla and Vikas Rao},
  title =    {{Boolean Gr\"obner Basis Reductions on Datapath Circuits Using the Unate Cube Set Algebra}},
  OPTcrossref =  {},
  OPTkey =   {},
  booktitle = {26th International Workshop on Logic \& Synthesis},
  OPTyear =    {2017},
  OPTeditor =    {},
  OPTvolume =    {},
  OPTnumber =    {},
  OPTseries =    {},
  pages =   {124-131},
  OPTmonth =   {},
  OPTaddress =   {},
  OPTorganization = {},
  OPTpublisher = {},
  OPTnote =    {},
  OPTannote =    {}
}

@Article{ utkarsh:tcad17,
  author = 	 {Utkarsh Gupta and Priyank Kalla and Vikas Rao},
  title = 	 {{Boolean Gr\"obner Basis Reductions on Datapath Circuits Using the Unate Cube Set Algebra}},
  journal = 	 {IEEE Trans. CAD (to appear)},
  year = 	 {2018},
  OPTkey = 	 {},
  OPTvolume = 	 {},
  OPTnumber = 	 {},
  OPTpages = 	 {},
  OPTmonth = 	 {},
  OPTnote = 	 {},
  OPTannote = 	 {}
}


@InProceedings{kauffman2017,
  author = 	 {Daniela Ritirc and Armin Biere and Manuel Kauers},
  title = 	 {{Column-Wise Verification of Multipliers Using Computer Algebra}},
  OPTcrossref =  {},
  OPTkey = 	 {},
  booktitle = {Formal Methods in Computer-Aided Design (FMCAD)},
  year = 	 {2017},
  OPTeditor = 	 {},
  OPTvolume = 	 {},
  OPTnumber = 	 {},
  OPTseries = 	 {},
  pages = 	 {23-30},
  OPTmonth = 	 {},
  OPTaddress = 	 {},
  OPTorganization = {},
  OPTpublisher = {},
  OPTnote = 	 {},
  OPTannote = 	 {}
}


@Article{Armin2017ColumnWiseVO,
author="Kaufmann, Daniela
and Biere, Armin
and Kauers, Manuel",
title="Incremental column-wise verification of arithmetic circuits using computer algebra",
journal="Formal Methods in System Design",
year="2019",
month="Feb",
day="26",
abstract="Verifying arithmetic circuits and most prominently multiplier circuits is an important problem which in practice still requires substantial manual effort. The currently most effective approach uses polynomial reasoning over pseudo boolean polynomials. In this approach a word-level specification is reduced by a Gr{\"o}bner basis which is implied by the gate-level representation of the circuit. This reduction returns zero if and only if the circuit is correct. We give a rigorous formalization of this approach including soundness and completeness arguments. Furthermore we present a novel incremental column-wise technique to verify gate-level multipliers. This approach is further improved by extracting full- and half-adder constraints in the circuit which allows to rewrite and reduce the Gr{\"o}bner basis. We also present a new technical theorem which allows to rewrite local parts of the Gr{\"o}bner basis. Optimizing the Gr{\"o}bner basis reduces computation time substantially. In addition we extend these algebraic techniques to verify the equivalence of bit-level multipliers without using a word-level specification. Our experiments show that regular multipliers can be verified efficiently by using off-the-shelf computer algebra tools, while more complex and optimized multipliers require more sophisticated techniques. We discuss in detail our complete verification approach including all optimizations.",
issn="1572-8102",
doi="10.1007/s10703-018-00329-2",
url="https://doi.org/10.1007/s10703-018-00329-2"
}


%%%%%%%
% ECO and debug Papers
%%%%
@Book{Rudeanu:74,
  author = 	 {Rudeanu, S.},
  ALTeditor = 	 {},
  title = 	 {{B}oolean {F}unctions and {E}quations},
  publisher = 	 {North-Holland Publishing Co., Amsterdam},
  year = 	 {1974},
  OPTkey = 	 {},
  OPTvolume = 	 {},
  OPTnumber = 	 {},
  OPTseries = 	 {},
  OPTaddress = 	 {},
  OPTedition = 	 {},
  OPTmonth = 	 {},
  OPTnote = 	 {},
  OPTannote = 	 {}
}


@InProceedings{Madre:ICCAD89,
  author = 	 {Madre, J. C. and Coudert, O. and Billon, J. P.},
  title = 	 {{A}utomating the {D}iagnosis and the {R}ectification
                  of {D}esign {E}rrors with {PRIAM}}, 
  OPTcrossref =  {},
  OPTkey = 	 {},
  booktitle = {Proc. ICCAD},
  year = 	 {1989},
  OPTeditor = 	 {},
  OPTvolume = 	 {},
  OPTnumber = 	 {},
  OPTseries = 	 {},
  pages = 	 {30-33},
  OPTmonth = 	 {},
  OPTaddress = 	 {},
  OPTorganization = {},
  OPTpublisher = {},
  OPTnote = 	 {},
  OPTannote = 	 {}
}

@InProceedings{Liaw:ICCAD90,
  author = 	 {Liaw, H. T. and Tsaih, J. H. and Lin, C. S.},
  title = 	 {{E}fficient {A}utomatic {D}iagnosis of {D}igital {C}ircuits},
  OPTcrossref =  {},
  OPTkey = 	 {},
  booktitle = {Proc. ICCAD},
  year = 	 {1990},
  OPTeditor = 	 {},
  OPTvolume = 	 {},
  OPTnumber = 	 {},
  OPTseries = 	 {},
  pages = 	 {464-467},
  OPTmonth = 	 {},
  OPTaddress = 	 {},
  OPTorganization = {},
  OPTpublisher = {},
  OPTnote = 	 {},
  OPTannote = 	 {}
}

@InProceedings{Huang:DAC2011,
  author = 	 {Tang, K. F. and Wu, C. A. and Huang, P. K. and
                  Huang, C. Y.},
  title = 	 {{I}nterpolation-{B}ased {I}ncremental {ECO}
                  {S}ynthesis for {M}ulti-{E}rror {L}ogic {R}ectification},
  OPTcrossref =  {},
  OPTkey = 	 {},
  booktitle = {Proc. Design Automation Conf. (DAC)},
  year = 	 {2011},
  OPTeditor = 	 {},
  OPTvolume = 	 {},
  OPTnumber = 	 {},
  OPTseries = 	 {},
  pages = 	 {146-151},
  OPTmonth = 	 {},
  OPTaddress = 	 {},
  OPTorganization = {},
  OPTpublisher = {},
  OPTnote = 	 {},
  OPTannote = 	 {}
}

@InProceedings{Sadowska:DAC95,
  author = 	 {Lin, C. C. and Chen, K. C. and Chang, S. C. and
                  Marek-Sadowska, M.},
  title = 	 {{L}ogic {S}ynthesis for {E}ngineering {C}hange},
  OPTcrossref =  {},
  OPTkey = 	 {},
  booktitle = {Proc. Design Automation Conf. (DAC)},
  year = 	 {1995},
  OPTeditor = 	 {},
  OPTvolume = 	 {},
  OPTnumber = 	 {},
  OPTseries = 	 {},
  pages = 	 {647-652},
  OPTmonth = 	 {},
  OPTaddress = 	 {},
  OPTorganization = {},
  OPTpublisher = {},
  OPTnote = 	 {},
  OPTannote = 	 {}
}

@InProceedings{roland:iccad10,
  author =   {B. H. Wu and C. J. Yang and C. Y. Huang and J. H. R. Jiang},
  title =    {{A Robust Functional ECO Engine by SAT Proof Minimization and Interpolation Techniques}},
  OPTcrossref =  {},
  OPTkey =   {},
  booktitle = {Intl. Conf. on Comp. Aided Des.},
  year =   {2010},
  OPTeditor =    {},
  OPTvolume =    {},
  OPTnumber =    {},
  OPTseries =    {},
  pages =    {729-734},
  OPTmonth =   {},
  OPTaddress =   {},
  OPTorganization = {},
  OPTpublisher = {},
  OPTnote =    {},
  OPTannote =    {}
}

@Article{Ling:tcad2011,
  author =   {A. C. Ling and S. D. Brown and S. Safarpour and J. Zhu},
  title =    {{Toward Automated ECOs in FPGAs}},
  journal =    {IEEE Trans. CAD},
  year =   {2011},
  OPTkey =   {},
  volume =    {30},
  number =    {1},
  pages =   {18-30},
  OPTmonth =   {},
  OPTnote =    {},
  OPTannote =    {}
}


@article{dube,
 author = {Dub{\'e}, Thomas W.},
 title = {The Structure of Polynomial Ideals and Grobner Bases},
 journal = {SIAM J. Comput.},
 issue_date = {Aug. 1990},
 volume = {19},
 number = {4},
 month = jun,
 year = {1990},
 issn = {0097-5397},
 pages = {750--773},
 numpages = {24},
 url = {http://dx.doi.org/10.1137/0219053},
 doi = {10.1137/0219053},
 acmid = {102365},
 publisher = {Society for Industrial and Applied Mathematics},
 address = {Philadelphia, PA, USA},
}



@InProceedings{utkarsh:ets19,
  author = 	 {Gupta, U. and Kalla, P. and Ilioaea, I. and Enescu, F.},
  title = 	 {Exploring Algebraic Interpolants for Rectification
                  of Finite Field Arithmetic Circuits using {G}r\"obner Bases},
  OPTcrossref =  {},
  OPTkey = 	 {},
  booktitle = {Proc. European Test Symposium (ETS)},
  year = 	 {2019},
  OPTeditor = 	 {},
  OPTvolume = 	 {},
  OPTnumber = 	 {},
  OPTseries = 	 {},
  OPTpages = 	 {},
  month = 	 {2019},
  OPTaddress = 	 {},
  OPTorganization = {},
  OPTpublisher = {},
  OPTnote = 	 {},
  OPTannote = 	 {}
}

@INPROCEEDINGS{utkarsh:fmcad18, 
author={V. {Rao} and U. {Gupta} and I. {Ilioaea} and A. {Srinath} and P. {Kalla} and F. {Enescu}}, 
booktitle={2018 Formal Methods in Computer Aided Design (FMCAD)}, 
title={Post-Verification Debugging and Rectification of Finite Field Arithmetic Circuits using Computer Algebra Techniques}, 
year={2018}, 
volume={}, 
number={}, 
pages={1-9}, 
keywords={computability;formal verification;logic circuits;polynomials;process algebra;program debugging;rectification;gate-level circuit;post-verification debugging;finite field arithmetic circuits;circuit implementation;single-fix rectification;equivalence checking setup;rectification locations;rectification function;rectification test;computer algebra techniques;specification model;arithmetic circuits;quantification procedure;decision procedure;Gröbner basis algorithm;Integrated circuit modeling;Debugging;Algebra;Computer bugs;Logic gates;Computational modeling;Geometry}, 
doi={10.23919/FMCAD.2018.8603018}, 
ISSN={}, 
month={Oct},}

@proceedings{sat_handbook,
  editor    = {Armin Biere and
               Marijn Heule and
               Hans van Maaren and
               Toby Walsh},
  title     = {Handbook of Satisfiability},
  series    = {Frontiers in Artificial Intelligence and Applications},
  volume    = {185},
  publisher = {{IOS} Press},
  year      = {2009},
  isbn      = {978-1-58603-929-5},
  timestamp = {Wed, 16 Sep 2009 11:21:15 +0200},
  biburl    = {https://dblp.org/rec/bib/series/faia/2009-185},
  bibsource = {dblp computer science bibliography, https://dblp.org}
}

@book{smt_handbook,
 author = {Clarke, Edmund M. and Henzinger, Thomas A. and Veith, Helmut and Bloem, Roderick},
 title = {Handbook of Model Checking},
 year = {2018},
 isbn = {3319105744, 9783319105741},
 edition = {1st},
 publisher = {Springer Publishing Company, Incorporated},
} 
