############################################################
## Debug problem related citations                        ##
############################################################

@Article{fujita:2015,
  author =   {M. Fujita},
  title =    {{T}oward {U}nification of {S}ynthesis and {V}erification in {T}opologically {C}onstrained {L}ogic {D}esign},
  journal =    {Proceedings of the IEEE},
  year =   {2015},
  OPTkey =   {},
  OPTvolume =   {103},
  OPTnumber =    {11},
  OPTpages =    {2052-2060},
  OPTmonth =   {Nov},
  OPTnote =    {},
  OPTannote =    {}
}

@InProceedings{fujita_alan:2014,
  author =       {M. Fujita and A. Mishchenko},
  title =        {{L}ogic {S}ynthesis and {V}erification on {F}ixed {T}opology},
  OPTcrossref =  {},
  OPTkey =       {},
  booktitle = {22nd International Conference on Very Large Scale Integration (VLSI-SoC)},
  OPTpages =     {1-6},
  year =         {2014},
  OPTeditor =    {},
  OPTvolume =    {},
  OPTnumber =    {},
  OPTseries =    {},
  OPTaddress =   {},
  OPTmonth =     {Oct},
  OPTorganization = {},
  OPTpublisher = {},
  OPTnote =      {},
  OPTannote =    {}
}

@InProceedings{fujita:2012,
  author =       {S. Jo and T. Matsumoto and M. Fujita},
  title =        {{SAT}-{B}ased {A}utomatic {R}ectification and {D}ebugging of {C}ombinational {C}ircuits with {LUT} {I}nsertions},
  OPTcrossref =  {},
  OPTkey =       {},
  booktitle = {IEEE 21st Asian Test Symposium},
  OPTpages =     {19-24},
  year =         {2012},
  OPTeditor =    {},
  OPTvolume =    {},
  OPTnumber =    {},
  OPTseries =    {},
  OPTaddress =   {},
  OPTmonth =     {Nov},
  OPTorganization = {},
  OPTpublisher = {},
  OPTnote =      {},
  OPTannote =    {}
}


@InProceedings{Rolf:ISVLSI2018, 
author={Mahzoon, Alireza and Grosse, Daniel and Drechsler, Rolf}, 
title={{C}ombining {S}ymbolic {C}omputer {A}lgebra and {B}oolean {S}atisfiability for {A}utomatic {D}ebugging and {F}ixing of {C}omplex {M}ultipliers}, 
booktitle={The IEEE Symposium on VLSI (ISVLSI)}, 
year={2018},
OPTcrossref =  {},
OPTkey =   {},
OPTeditor =    {},
OPTvolume =    {},
OPTnumber =    {},
OPTseries =    {}, 
pages={351-356}, 
OPTmonth =  {July},
OPTaddress =  {},
OPTorganization = {},
OPTpublisher = {},
OPTnote =    {},
OPTannote =    {}}




@InProceedings{farimah:2017:1,
  author =       {F. Farahmandi and P. Mishra},
  title =        {{A}utomated {D}ebugging of {A}rithmetic {C}ircuits {U}sing {I}ncremental {G}r\"obner {B}asis {R}eduction},
  OPTcrossref =  {},
  OPTkey =       {},
  booktitle = {IEEE International Conference on Computer Design (ICCD)},
  OPTpages =     {193-200},
  year =         {2017},
  OPTeditor =    {},
  OPTvolume =    {},
  OPTnumber =    {},
  OPTseries =    {},
  OPTaddress =   {},
  OPTmonth =     {Nov},
  OPTorganization = {},
  OPTpublisher = {},
  OPTnote =      {},
  OPTannote =    {}
}

@InProceedings{farimah:2016,
  author =       {F. Farahmandi and P. Mishra},
  title =        {{A}utomated {T}est {G}eneration for {D}ebugging {A}rithmetic {C}ircuits},
  OPTcrossref =  {},
  OPTkey =       {},
  booktitle = {Des. Auto. Test in Eur. Conf. (DATE)},
  OPTpages =     {1351-1356},
  year =         {2016},
  OPTeditor =    {},
  OPTvolume =    {},
  OPTnumber =    {},
  OPTseries =    {},
  OPTaddress =   {},
  OPTmonth =     {March},
  OPTorganization = {},
  OPTpublisher = {},
  OPTnote =      {},
  OPTannote =    {}
}



@Article{Cunxi:TCAD_2018_9,
  author = 	 {Yu, C. and Ciesielski, M. and Mishchenko, A.},
  title = 	 {{F}ast {A}lgebraic {R}ewriting {B}ased on {A}nd-{I}nverter-{G}raphs},
  journal = 	 {IEEE Trans. on CAD},
  year = 	 {2018},
  OPTkey = 	 {},
  volume = 	 {37},
  number = 	 {9},
  pages = 	 {1907-1911},
  month = 	 {Sept.},
  OPTnote = 	 {},
  OPTannote = 	 {}
}

@Article{maciej:2017,
  author =   {C. Yu and X. Zhang and D. Liu and M. Ciesielski and D. Holcomb},
  title =    {{I}ncremental {SAT}-{B}ased {R}everse {E}ngineering of {C}amouflaged {L}ogic {C}ircuits},
  journal =    {IEEE Transactions on Computer-Aided Design of Integrated Circuits and Systems},
  year =   {2017},
  OPTkey =   {},
  OPTvolume =   {36},
  OPTnumber =    {10},
  OPTpages =    {1647-1659},
  OPTmonth =   {Oct},
  OPTnote =    {},
  OPTannote =    {}
}

@InProceedings{maciej:2016:1,
  author =       {C. Yu and W. Brown and D. Liu and A. Rossi and M. Ciesielski},
  title =        {{F}ormal {V}erification of {A}rithmetic {C}ircuits by {F}unction {E}xtraction},
  OPTcrossref =  {},
  OPTkey =       {},
  booktitle = {IEEE Transactions on Computer-Aided Design of Integrated Circuits and System},
  OPTpages =     {2131-2142},
  year =         {2016},
  OPTeditor =    {},
  OPTvolume =    {35},
  OPTnumber =    {12},
  OPTseries =    {},
  OPTaddress =   {},
  OPTmonth =     {Dec},
  OPTorganization = {},
  OPTpublisher = {},
  OPTnote =      {},
  OPTannote =    {}
}

@InProceedings{maciej:2015:1,
  author =       {Ciesielski, Maciej and Yu, Cunxi and Brown, Walter and Liu, Duo and Rossi, Andr{\'e}},
  title =        {{V}erification of {G}ate-level {A}rithmetic {C}ircuits by {F}unction {E}xtraction},
  OPTcrossref =  {},
  OPTkey =       {},
  booktitle = {Proceedings of the 52Nd Annual Design Automation Conference},
  OPTpages =     {1-6},
  year =         {2015},
  OPTeditor =    {},
  OPTvolume =    {},
  OPTnumber =    {},
  OPTseries =    {},
  OPTaddress =   {},
  OPTmonth =     {June},
  OPTorganization = {},
  OPTpublisher = {ACM},
  OPTnote =      {},
  OPTannote =    {}
}

@InProceedings{maciej:2015:2,
  author =       {S. Ghandali and C. Yu and D. Liu and W. Brown and M. Ciesielski},
  title =        {{L}ogic {D}ebugging of {A}rithmetic {C}ircuits},
  OPTcrossref =  {},
  OPTkey =       {},
  booktitle = {IEEE Computer Society Annual Symposium on VLSI},
  OPTpages =     {113-118},
  year =         {2015},
  OPTeditor =    {},
  OPTvolume =    {},
  OPTnumber =    {},
  OPTseries =    {},
  OPTaddress =   {},
  OPTmonth =     {July},
  OPTorganization = {},
  OPTpublisher = {},
  OPTnote =      {},
  OPTannote =    {}
}

@InProceedings{maciej:2014,
  author =   {M. Ciesielski and W. Brown and D. Liu and A. Rossi},
  title =    {{F}unction {E}xtraction from {A}rithmetic {B}it-level {C}ircuits},
  OPTcrossref =  {},
  OPTkey =   {},
  booktitle = {IEEE Computer Society Annual Symposium on VLSI},
  year =   {2014},
  OPTeditor =    {},
  OPTvolume =    {},
  OPTnumber =    {},
  OPTseries =    {},
  OPTpages =   {356-361},
  OPTmonth =   {July},
  OPTaddress =   {},
  OPTorganization = {},
  OPTpublisher = {},
  OPTnote =    {},
  OPTannote =    {}
}

@InProceedings{scholl:2,
  author =       {K. Gitina and S. Reimer and M. Sauer and R. Wimmer and C. Scholl and B. Becker},
  title =        {{E}quivalence {C}hecking of {P}artial {D}esigns {U}sing {D}ependency {Q}uantified {B}oolean {F}ormulae},
  OPTcrossref =  {},
  OPTkey =       {},
  booktitle = {IEEE International Conference on Computer Design (ICCD)},
  OPTpages =     {396-403},
  year =         {2013},
  OPTeditor =    {},
  OPTvolume =    {},
  OPTnumber =    {},
  OPTseries =    {},
  OPTaddress =   {},
  OPTmonth =     {Oct},
  OPTorganization = {},
  OPTpublisher = {},
  OPTnote =      {},
  OPTannote =    {}
}

@InProceedings{scholl:1,
  author =       {C. Scholl and B. Becker},
  title =        {{C}hecking {E}quivalence for {P}artial {I}mplementations},
  OPTcrossref =  {},
  OPTkey =       {},
  booktitle = {Design Automation Conference (DAC)},
  OPTpages =     {238-243},
  year =         {2001},
  OPTeditor =    {},
  OPTvolume =    {},
  OPTnumber =    {},
  OPTseries =    {},
  OPTaddress =   {},
  OPTmonth =     {June},
  OPTorganization = {},
  OPTpublisher = {},
  OPTnote =      {},
  OPTannote =    {}
}

@InProceedings{andreas:2012,
  author =       {B. Keng and A. Veneris},
  title =        {{P}ath {D}irected {A}bstraction and {R}efinement in {SAT}-{B}ased {D}esign {D}ebugging},
  OPTcrossref =  {},
  OPTkey =       {},
  booktitle = {Design Automation Conference},
  OPTpages =     {947-954},
  year =         {2012},
  OPTeditor =    {},
  OPTvolume =    {},
  OPTnumber =    {},
  OPTseries =    {},
  OPTaddress =   {},
  OPTmonth =     {June},
  OPTorganization = {},
  OPTpublisher = {},
  OPTnote =      {},
  OPTannote =    {}
}

@Article{andreas:2010,
  author =   {H. Mangassarian and A. Veneris and M. Benedetti},
  title =    {{R}obust QBF {E}ncodings for {S}equential {C}ircuits with {A}pplications to {V}erification, {D}ebug, and {T}est},
  journal =    {IEEE Transactions on Computerss},
  year =   {2010},
  OPTkey =   {},
  OPTvolume =   {59},
  OPTnumber =    {7},
  OPTpages =    {981-994},
  OPTmonth =   {July},
  OPTnote =    {},
  OPTannote =    {}
}

@Article{andreas:2009,
  author =   {S. Safarpour and A. Veneris},
  title =    {{A}utomated {D}esign {D}ebugging {W}ith {A}bstraction and {R}efinement},
  journal =    {IEEE Transactions on Computer-Aided Design of Integrated Circuits and Systems},
  year =   {2009},
  OPTkey =   {},
  OPTvolume =   {28},
  OPTnumber =    {10},
  OPTpages =    {1597-1608},
  OPTmonth =   {Oct},
  OPTnote =    {},
  OPTannote =    {}
}

@Article{andreas:2005,
  author =   {A. Smith and A. Veneris and M. F. Ali and A. Viglas},
  title =    {{F}ault {D}iagnosis and {L}ogic {D}ebugging using {B}oolean {S}atisfiability},
  journal =    {IEEE Transactions on Computer-Aided Design of Integrated Circuits and Systems},
  year =   {2005},
  OPTkey =   {},
  OPTvolume =   {24},
  OPTnumber =    {10},
  OPTpages =    {1606-1621},
  OPTmonth =   {Oct},
  OPTnote =    {},
  OPTannote =    {}
}

@InProceedings{goerschwin:2016,
  author =       {Riener, Heinz and Fey, Goerschwin},
  title =        {{E}xact {D}iagnosis {U}sing {B}oolean {S}atisfiability},
  OPTcrossref =  {},
  OPTkey =       {},
  booktitle = {Proceedings of the 35th International Conference on Computer-Aided Design},
  OPTpages =     {1-8},
  year =         {2016},
  OPTeditor =    {},
  OPTvolume =    {53},
  OPTnumber =    {},
  OPTseries =    {},
  OPTaddress =   {},
  OPTmonth =     {},
  OPTorganization = {},
  OPTpublisher = {ACM},
  OPTnote =      {},
  OPTannote =    {}
}

@InProceedings{goerschwin:2008,
  author =       {Suelflow, Andre and Fey, Goerschwin and Bloem, Roderick and Drechsler, Rolf},
  title =        {{U}sing {U}nsatisfiable {C}ores to {D}ebug {M}ultiple {D}esign {E}rrors},
  OPTcrossref =  {},
  OPTkey =       {},
  booktitle = {Proceedings of the 18th ACM Great Lakes Symposium on VLSI},
  OPTpages =     {77-82},
  year =         {2008},
  OPTeditor =    {},
  OPTvolume =    {},
  OPTnumber =    {},
  OPTseries =    {},
  OPTaddress =   {},
  OPTmonth =     {},
  OPTorganization = {},
  OPTpublisher = {ACM},
  OPTnote =      {},
  OPTannote =    {}
}

@InProceedings{oracle:2016,
  author =       {D. Liu and C. Yu and X. Zhang and D. Holcomb},
  title =        {{O}racle-guided {I}ncremental SAT {S}olving to {R}everse {E}ngineer {C}amouflaged {L}ogic {C}ircuits},
  OPTcrossref =  {},
  OPTkey =       {},
  booktitle = {Design, Automation Test in Europe Conference Exhibition (DATE)},
  OPTpages =     {433-438},
  year =         {2016},
  OPTeditor =    {},
  OPTvolume =    {},
  OPTnumber =    {},
  OPTseries =    {},
  OPTaddress =   {},
  OPTmonth =     {March},
  OPTorganization = {},
  OPTpublisher = {},
  OPTnote =      {},
  OPTannote =    {}
}




@InProceedings{tim,
  author =       {T. Pruss and P. Kalla and F. Enescu},
  title =        {{E}quivalence {V}erification of {L}arge {G}alois {F}ield {A}rithmetic {C}ircuits using {W}ord-level {A}bstraction via {G}r\"obner {B}ases},
  OPTcrossref =  {},
  OPTkey =       {},
  booktitle = {Design Automation Conference (DAC), 51st ACM/EDAC/IEEE},
  OPTpages =     {1-6},
  year =         {2014},
  OPTeditor =    {},
  OPTvolume =    {},
  OPTnumber =    {},
  OPTseries =    {},
  OPTaddress =   {},
  OPTmonth =     {June},
  OPTorganization = {},
  OPTpublisher = {},
  OPTnote =      {},
  OPTannote =    {}
}



@Misc{pruss:tool,
  OPTkey =   {Word-Level Abstraction Tool for Formal Verification},
  author =   {Pruss, T. and Kalla, P.},
  title =    {{W}ord-Level {A}bstraction {T}ool for {F}ormal {V}erification},
  howpublished = {[online] available at \url{http://www.ece.utah.edu/~pruss/abstract.html}},
  OPTmonth =   {},
  OPTyear =    {},
  OPTnote =    {},
  OPTannote =    {}
}

@InProceedings{kalla:fmcad_tut2015,
  author =   {Kalla, P.},
  title =    {{F}ormal {V}erification of {A}rithmetic {D}atapaths using {A}lgebraic {G}eometry and {S}ymbolic {C}omputation},
  OPTcrossref =  {},
  OPTkey =   {},
  booktitle = {Proc. FMCAD},
  year =   {2015},
  OPTeditor =    {},
  OPTvolume =    {},
  OPTnumber =    {},
  OPTseries =    {},
  OPTpages =    {2},
  OPTmonth =   {},
  OPTaddress =   {},
  OPTorganization = {},
  OPTpublisher = {},
  OPTnote =   {Slides available online \url{http://www.cs.utexas.edu/users/hunt/FMCAD/FMCAD15/slides/fmcad15-tutorial-kalla.pdf}},  
  OPTannote =    {}
}



@InProceedings{alanmi:2006,
  author =   {Mishchenko, A. and Chatterjee, S. and Brayton, R. and Een, N.},
  title =    {Improvements to {C}ombinational {E}quivalence {C}hecking},
  OPTcrossref =  {},
  OPTkey =   {},
  booktitle = {Proc. Intl. Conf. on CAD (ICCAD)},
  pages =    {836-843},
  year =   {2006},
  OPTeditor =    {},
  OPTvolume =    {},
  OPTnumber =    {},
  OPTseries =    {},
  OPTaddress =   {},
  OPTmonth =   {},
  OPTorganization = {},
  OPTpublisher = {},
  OPTnote =    {},
  OPTannote =    {}
}

@Article{bryant:1,
  author =   {Bryant, R. E.},
  title =    {{G}raph {B}ased {A}lgorithms for {B}oolean {F}unction {M}anipulation},
  journal =    {IEEE Trans. on Comp.},
  year =   {1986},
  OPTkey =   {},
  volume =   {C-35},
  OPTnumber =    {},
  pages =    {677-691},
  OPTmonth =   {August},
  OPTnote =    {},
  OPTannote =    {}
}






@Article {DGPS,
 title = {{\sc Singular} {4-1-0} --- {A} computer algebra system for polynomial computations},
 year = {2016},
 author = {Decker, Wolfram and Greuel, Gert-Martin and Pfister, Gerhard and Sch\"onemann, Hans},
 howpublished = {\url{http://www.singular.uni-kl.de}},
}



@Article{Buchberger:1976,
  author =   {Buchberger, B.},
  title =    {{A} {T}heoretical {B}asis for the {R}eduction of {P}olynomials to {C}anonical {F}orms},
  journal =    {SIGSAM Bull.},
  year =   {1976},
  OPTkey =   {},
  OPTvolume =   {10},
  OPTnumber =   {3},
  OPTpages =    {19-29},
  OPTmonth =    {Aug},
  OPTnote =    {},
  OPTannote =    {}
}

@Article{acar:1998,
  author =   {Koc, C. and Acar, T.},
  title =    {{M}ontgomery {M}ultiplication in {GF}($2^k$)},
  journal =    {Designs, Codes and Cryptography},
  year =   {1998},
  OPTkey =    {},
  OPTvolume =   {14},
  OPTnumber =   {1},
  OPTpages =    {57-69},
  OPTmonth =    {Apr.},
  OPTnote =   {},
  OPTannote =   {}
}

@Article{wu:2002,
  author =   {Wu, H.},
  title =    {{M}ontgomery {M}ultiplier and {S}quarer for a {C}lass of {F}inite {F}ields},
  journal =    {IEEE Transactions On Computers},
  year =   {2002},
  OPTkey =    {},
  OPTvolume =   {51},
  OPTnumber =   {5},
  OPTpages =    {},
  OPTmonth =    {May},
  OPTnote =   {},
  OPTannote =   {}
}

@InProceedings{xiaojun:cp2016,
  author =   {Sun, X. and Ilioaea, I. and Kalla, P. and Enescu, F.},
  title =    {{F}inding {U}nsatisfiable {C}ores of a {S}et of {P}olynomials using the {G}r\"obner {B}asis {A}lgorithm},
  OPTcrossref =  {},
  OPTkey =   {},
  booktitle = {Intl. Conf. Principles and Practice of Constraint Programming},
  year =   {2016},
  OPTeditor =    {},
  OPTvolume =   {9892},
  OPTnumber =    {},
  OPTseries =   {LNCS},
  OPTpages =    {859-875},
  OPTmonth =    {Sept},
  OPTaddress =   {},
  OPTorganization = {},
  OPTpublisher = {},
  OPTnote =    {},
  OPTannote =    {}
}

@InProceedings{knezevic:2008,
 author = {Kne\v{z}evi\'{c}, M. and Sakiyama, K. and Fan, J. and Verbauwhede, I.},
 title = {{M}odular {R}eduction in {GF}($2^n$) {W}ithout {P}re-{C}omputational {P}hase},
 booktitle = {Proceedings of the International Workshop on Arithmetic of Finite Fields},
 year = {2008},
 OPTpages = {77-87}
}